% Encoding: UTF-8

@InProceedings{Margara-Cugola-Tamburrelli:2014,
  author    = {Margara, Alessandro and Cugola, Gianpaolo and Tamburrelli, Giordano},
  title     = {Learning From The Past: Automated Rule Generation For Complex Event Processing},
  booktitle = {International Conference on Distributed Event-Based Systems (DEBS)},
  year      = {2014},
  pages     = {47--58},
  owner     = {Moussa Amrani},
  timestamp = {2017.02.23},
}

@Article{J:Cugola-Margara:2012,
  author    = {Cugola, Gianpaolo and Margara, Alessandro},
  title     = {Complex Event Processing With T-rex},
  journal   = {Journal of Systems and Software},
  year      = {2012},
  volume    = {85},
  number    = {8},
  pages     = {1709--1728},
  owner     = {Moussa Amrani},
  timestamp = {2017.02.23},
}

@InProceedings{Cugola-Margara-Pezze-Pradella:2015,
  author    = {Cugola, Gianpaolo and Margara, Alessandro and Pezzè, Mauro and Pradella, Matteo},
  title     = {Efficient Analysis Of Event Processing Applications},
  booktitle = {International Conference on Distributed Event-Based Systems (DEBS)},
  year      = {2015},
  owner     = {Moussa Amrani},
  timestamp = {2017.02.23},
}

@Article{J:Cugola-Margara-Mateucci-Tamburrelli:2015,
  author    = {Cugola, Gianpaolo and Margara, Alessandro and Mateucci, Matteo and Tamburrelli, Giordano},
  title     = {Introducing Uncertainty In Complex Event Processing: Model, Implementation And Validation},
  journal   = {Journal of Computing},
  year      = {2015},
  volume    = {97},
  number    = {2},
  pages     = {103--144},
  owner     = {Moussa Amrani},
  timestamp = {2017.02.23},
}

@InBook{B:Cugola-Margara:2015,
  chapter   = {The Complex Event Processing Paradigm},
  pages     = {113--133},
  title     = {Data Management In Pervasive Systems},
  publisher = {Springer International Publishing},
  year      = {2015},
  author    = {Cugola, Gianpaolo and Margara, Alessandro},
  editor    = {Colace, Francesco and De Santo, Massimo and Moscato, Vincenzo and Picariello, Antonio and Schreiber, Fabio A. and Tanca, Letizia},
  volume    = {II},
  series    = {Data-Centric Systems and Applications},
  owner     = {Moussa Amrani},
  timestamp = {2017.02.23},
}

@InProceedings{Cugola-Margara:2010,
  author    = {Cugola, Gianpaolo and Margara, Alessandro},
  title     = {Tesla: A Formally Defined Event Specification Language},
  booktitle = {International Conference on Distributed Event-Based Systems (DEBS)},
  year      = {2010},
  owner     = {Moussa Amrani},
  timestamp = {2017.02.23},
}

@Article{J:Ortiz:2013,
  author    = {Ortiz Vega, James Jerson},
  title     = {Modelling And Specification Of Distributed Timed Systems},
  journal   = {Ingeneria y Competitividad},
  year      = {2013},
  volume    = {15},
  number    = {2},
  pages     = {115--124},
  owner     = {Moussa Amrani},
  timestamp = {2017.02.23},
}

@InProceedings{Ericsson-Pettersson-Berndtsson-Seirio:2007,
  author    = {Ericsson, AnneMarie and Pettersson, Paul and Berndtsson, Mikael and Seiriö, Marco},
  title     = {Seamless Formal Verification Of Complex Event Processing Applications},
  booktitle = {International Conference on Distributed Event-Based Systems (DEBS)},
  year      = {2007},
  pages     = {50--61},
  owner     = {Moussa Amrani},
  timestamp = {2017.02.23},
}

@InProceedings{Lam-Haugen:2016,
  author    = {Lam, An Ngoc and Haugen, Øystein},
  title     = {Complex Event Processing In Thingml},
  booktitle = {System Analysis and Modeling},
  year      = {2016},
  pages     = {20--35},
  owner     = {Moussa Amrani},
  timestamp = {2017.02.23},
}

@Article{J:Cugola-Margara:2011,
  author    = {Cugola, Gianpaolo and Margara, Alessandro},
  title     = {Processing Flows Of Information --- From Data Stream To Complex Event Processing},
  journal   = {ACM Computing Surveys (CSUR)},
  year      = {2012},
  volume    = {44},
  number    = {3},
  pages     = {1--62},
  owner     = {Moussa Amrani},
  timestamp = {2017.02.23},
}

@InProceedings{Salvaneschi-Margara-Tamburrelli:2015,
  author    = {Salvaneschi, Guido and Margara, Alessandro and Tamburrelli, Giordano},
  title     = {Reactive Programming --- A Walkthrough},
  booktitle = {International Conference on Software Engineering (ICSE)},
  year      = {2015},
  owner     = {Moussa Amrani},
  timestamp = {2017.02.23},
}

@InProceedings{Weidlich-Mendling-Gal:2013,
  author    = {Weidlich, Matthias and Mendling, Jan and Gal, Avigdor},
  title     = {Net-based Analysis Of Event Processing Networks - The Fast Flower Delivery Case},
  booktitle = {Applications and Theory of Petri Nets (ATPN)},
  year      = {2013},
  owner     = {Moussa Amrani},
  timestamp = {2017.02.24},
}

@InProceedings{Ericsson-Berndtsson:2007,
  author    = {Ericsson, Ann Marie and Berndtsson, Mikael},
  title     = {Rex: The Rule And Event {eXplorer}},
  booktitle = {International Conference on Distributed Event-Based Systems (DEBS)},
  year      = {2007},
  owner     = {Moussa Amrani},
  timestamp = {2017.02.24},
}

@PhdThesis{PhD:Ericsson:2009,
  author    = {Ericsson, Ann Marie},
  title     = {Enabling Tool Support For Formal Analysis Of {ECA} Rules},
  school    = {University of Linköpings},
  year      = {2009},
  owner     = {Moussa Amrani},
  timestamp = {2017.02.24},
}

@InProceedings{Rabinovich-Etzion-etAl:2010,
  author    = {Rabinovich, Ella and Etzion, Opher and Ruah, Sitvanit and Archushin, Sarit},
  title     = {Analysing The Behaviour Of Event Processing Applications},
  booktitle = {International Conference on Distributed Event-Based Systems (DEBS)},
  year      = {2010},
  owner     = {Moussa Amrani},
  timestamp = {2017.02.24},
}

@InProceedings{Brenna-etAl:2007,
  author    = {Brenna, Lars and Demers, Alan and Gehrke, Johannes and Hong, Mingsheng and Ossher, Joel and Panda, Biswanath and Riedewald, Mirek and Thatte, Mohit and White, Walker},
  title     = {Cayuga: A High-performance Event Processing Engine},
  booktitle = {International Conference on Management of Data (SIGMOD)},
  year      = {2007},
  owner     = {Moussa Amrani},
  timestamp = {2017.02.24},
}

@InProceedings{Gyllstrom-Agrawal-Diao-Immerman:2008,
  author    = {Gyllstrom, Daniel and Agrawal, Jagrati and Diao, Yanlei and Immerman, Neil},
  title     = {On Supporting Kleene Closure Over Event Streams},
  booktitle = {International Conference on Data Engineering (ICDE)},
  year      = {2008},
  owner     = {Moussa Amrani},
  timestamp = {2017.02.24},
}

@InProceedings{Diao-Immerman-Gyllstrom:2007,
  author    = {Diao, Yanlei and Immerman, Neil and Gyllstrom, Daniel},
  title     = {Sase+: An Agile Language For Kleene Closure Over Event Streams},
  booktitle = {Biennial Conference on Innovative Data Systems Research (CIDR)},
  year      = {2007},
  owner     = {Moussa Amrani},
  timestamp = {2017.02.24},
}

@InProceedings{Anicic-Fodor-etAl:2011,
  author    = {Anicic, Darko and Fodor, Paul and Rudolph, Sebastian and Stühmer, Roland and Stojanovic, Nenad and Studer, Rudi},
  title     = {{ETALIS}: Rule-based Reasoning In Event Processing},
  booktitle = {Reasoning in Event-Based Distributed Systems},
  year      = {2011},
  owner     = {Moussa Amrani},
  timestamp = {2017.02.24},
}

@InProceedings{Eckert-Bry-etAl:2011,
  author    = {Eckert, Michael and Bry, François and Brodt, Simon and Poppe, Olga and Hausmann, Steffen},
  title     = {A {CEP} Babelfish: Languages For Complex Event Processing And Querying Surveyed},
  booktitle = {Reasoning in Event-Based Distributed Systems (REBDS)},
  year      = {2011},
  owner     = {Moussa Amrani},
  timestamp = {2017.02.24},
}

@InProceedings{Ericsson-Nilsson-Andler:2003,
  author    = {Ericsson, Ann Marie and Nilsson, Robert and Andler, Sten},
  title     = {Operator Patterns For Analysis Of Composite Events In Timed Automata ()},
  booktitle = {Real-Time Systems Symposium (RTSS)},
  year      = {2003},
  owner     = {Moussa Amrani},
  timestamp = {2017.02.24},
}

@Comment{jabref-meta: databaseType:bibtex;}

@Comment{jabref-meta: saveActions:enabled;
pages[normalize_page_numbers]
month[normalize_month]
title[capitalize]
;}
