@ARTICLE{combemale-14,
  author={B. Combemale and J. DeAntoni and B. Baudry and R. B. France and J. M. Jézéquel and J. Gray},
  journal={Computer},
  title={Globalizing Modeling Languages},
  year={2014},
  volume={47},
  number={6},
  pages={68-71},
  keywords={software development management;specification languages;domain-specific modeling language;globalized DSMLs;independent DSML development;language heterogeneity;runtime management;software-intensive systems development;Adaptation models;Analytical models;Computational modeling;Computer languages;Domain specific languages;Globalization;Software development;model-driven engineering;modeling language;software engineering;software language engineering},
  doi={10.1109/MC.2014.147},
  ISSN={0018-9162},
  month={June},}

@ARTICLE{chen-14,
  author={S. Chen and H. Xu and D. Liu and B. Hu and H. Wang},
  journal={IEEE Internet of Things Journal},
  title={A Vision of IoT: Applications, Challenges, and Opportunities With China Perspective},
  year={2014},
  volume={1},
  number={4},
  pages={349-359},
  keywords={Internet of Things;research and development;China;Internet of Things;IoT architecture;IoT development;R&D plans;Computer architecture;Industries;Monitoring;Sensors;Standards;Vehicles;Internet of Things (IoT);IoT application;IoT architecture;IoT challenge;IoT standardization},
  doi={10.1109/JIOT.2014.2337336},
  ISSN={2327-4662},
  month={Aug},}

@ARTICLE{sheng-13,
  author={Z. Sheng and S. Yang and Y. Yu and A. V. Vasilakos and J. A. Mccann and K. K. Leung},
  journal={IEEE Wireless Communications},
  title={A survey on the ietf protocol suite for the internet of things: standards, challenges, and opportunities},
  year={2013},
  volume={20},
  number={6},
  pages={91-98},
  keywords={IP networks;Internet;Internet of Things;protocols;radio networks;telecommunication standards;IETF protocol;IP-based Internet;Internet of Things;WSNs;complex deployment characteristics;complex systems;computer networks;intelligent devices;wireless resource constrained networks;IEEE 802.15 Standards;Internet of things;Routing;Throughput;Wireless sensor networks},
  doi={10.1109/MWC.2013.6704479},
  ISSN={1536-1284},
  month={December},}

@INPROCEEDINGS{singh-14,
  author={D. Singh and G. Tripathi and A. J. Jara},
  booktitle={2014 IEEE World Forum on Internet of Things (WF-IoT)},
  title={A survey of Internet-of-Things: Future vision, architecture, challenges and services},
  year={2014},
  pages={287-292},
  keywords={Internet of Things;radiofrequency identification;Internet oriented applications;Internet-of-Things;IoT;RFID;SFM;real-world information;semantic fusion model;semantic logic;semantic value based Information;smart embedded system;smart objects;smart semantic framework;Computer architecture;Internet;Logic gates;Monitoring;Radiofrequency identification;Semantics;Wireless sensor networks;6lowpan;Architecture;Internet Services;Internet-of-Things;Semantic Web;SensorNetworks},
  doi={10.1109/WF-IoT.2014.6803174},
  month={March},}

@INPROCEEDINGS{khan-12,
  author={R. Khan and S. U. Khan and R. Zaheer and S. Khan},
  booktitle={2012 10th International Conference on Frontiers of Information Technology},
  title={Future Internet: The Internet of Things Architecture, Possible Applications and Key Challenges},
  year={2012},
  pages={257-260},
  keywords={Internet of Things;learning (artificial intelligence);Internet of Things architecture;generic architecture;machine-to-machine learning;Computer architecture;Intelligent sensors;Internet;Monitoring;Security;Sensor systems;Internet of Things;IoT applications;IoT architecture;IoT security;RFID;ubiquitous computing},
  doi={10.1109/FIT.2012.53},
  month={Dec},}

@INPROCEEDINGS{castro-12,
  author={M. Castro and A. J. Jara and A. F. Skarmeta},
  booktitle={2012 Sixth International Conference on Innovative Mobile and Internet Services in Ubiquitous Computing},
  title={An Analysis of M2M Platforms: Challenges and Opportunities for the Internet of Things},
  year={2012},
  pages={757-762},
  keywords={cloud computing;Internet of things;IoT resources;M2M platforms;RaaS;TaaS;machine-to-machine platforms;resources as a service;service end-points;things as a service;virtual worlds;Business;Collaboration;Computer architecture;Internet;Joining processes;Protocols;Standards;Cloud Computing;CoAP;Future Internet;Internet of Things;Machine-to-Machine (M2M);Web of Things},
  doi={10.1109/IMIS.2012.184},
  month={July},}

@INPROCEEDINGS{chaqfeh-12,
  author={M. A. Chaqfeh and N. Mohamed},
  booktitle={2012 International Conference on Collaboration Technologies and Systems (CTS)},
  title={Challenges in middleware solutions for the internet of things},
  year={2012},
  pages={21-26},
  keywords={Internet;middleware;open systems;Internet of things;heterogeneous devices;information processing;interconnected computers;interconnected things;interoperability;middleware solutions;physical world;Middleware;Radiofrequency identification;Robot sensing systems;Semantic Web;Semantics;Standards;Heterogeneous Systems;Interoperability;Middleware;The Internet of Things},
  doi={10.1109/CTS.2012.6261022},
  month={May},}

@INPROCEEDINGS{ma-13,
  author={M. Ma and P. Wang and C. H. Chu},
  booktitle={2013 IEEE International Conference on Green Computing and Communications and IEEE Internet of Things and IEEE Cyber, Physical and Social Computing},
  title={Data Management for Internet of Things: Challenges, Approaches and Opportunities},
  year={2013},
  pages={1144-1151},
  keywords={Internet of Things;radiofrequency identification;storage management;wireless sensor networks;Internet of things;IoT;RFID;WSN;data management;radio frequency identification;wireless sensor network;Cleaning;Data handling;Data models;Information management;Radiofrequency identification;Semantics;Internet of Things;big data;data cleaning;data management;data storage;event processing;middleware},
  doi={10.1109/GreenCom-iThings-CPSCom.2013.199},
  month={Aug},}

@article{gubbi-13,
  author = {Gubbi, Jayavardhana and Buyya, Rajkumar and Marusic, Slaven and Palaniswami, Marimuthu},
  title = {Internet of Things (IoT): A Vision, Architectural Elements, and Future Directions},
  journal = {Future Gener. Comput. Syst.},
  issue_date = {September, 2013},
  volume = {29},
  number = {7},
  month = sep,
  year = {2013},
  issn = {0167-739X},
  pages = {1645--1660},
  numpages = {16},
  url = {http://dx.doi.org/10.1016/j.future.2013.01.010},
  doi = {10.1016/j.future.2013.01.010},
  acmid = {2489456},
  publisher = {Elsevier Science Publishers B. V.},
  address = {Amsterdam, The Netherlands, The Netherlands},
  keywords = {Cloud computing, Internet of Things, RFID, Smart environments, Ubiquitous sensing, Wireless sensor networks},
}

@inbook{mukho-14,
  abstract = {Advancement in sensor technology, smart instrumentation, wireless sensor networks, miniaturization, RFID and information processing is helping towards the realization of Internet of Things (IoT). IoTs are finding applications in various area applications including environmental monitoring, intelligent buildings, smart grids and so on. This book provides design challenges of IoT, theory, various protocols, implementation issues and a few case study.},
  address = {Cham},
  doi = {10.1007/978-3-319-04223-7},
  editor = {Mukhopadhyay, Subhas Chandra},
  file = {Springer4Pro:2014/Mukhopadhyay2014.pdf:PDF;Springer Product page:http\://www.springer.com/978-3-319-04222-0:URL;Amazon Search inside:http\://www.amazon.de/gp/reader/331904222X/:URL;Springer4Pro:http\://www.springerprofessional.de/:URL},
  groups = {public},
  interhash = {82c1f477c77e0b10b9b1229212082993},
  intrahash = {df03afeb56d2ffab295ce9cd81e504fe},
  isbn = {978-3-319-04222-0},
  publisher = {Springer},
  series = {Smart Sensors, Measurement and Instrumentation},
  timestamp = {2014.11.22},
  title = {Internet of Things: Challenges and Opportunities},
  username = {flint63},
  volume = 9,
  year = 2014,
  pages= {1--17}
}

@ARTICLE{xu-14,
  author={L. D. Xu and W. He and S. Li},
  journal={IEEE Transactions on Industrial Informatics},
  title={Internet of Things in Industries: A Survey},
  year={2014},
  volume={10},
  number={4},
  pages={2233-2243},
  keywords={Internet of Things;engineering computing;mobile handsets;radiofrequency identification;ubiquitous computing;Internet of things;RFID;industrial IoT applications;industrial systems;mobile devices;radio-frequency identification;sensor devices;wireless devices;Big data;Radiofrequency identification;Service-oriented architecture;Wireless communication;Wireless sensor networks;Big data analytics;enterprise systems;industrial informatics;information and communications technology (ICT);internet of things (IoT);near field communications;radio-frequency identification (RFID);wireless sensor networks (WSNs)},
  doi={10.1109/TII.2014.2300753},
  ISSN={1551-3203},
  month={Nov},}

@article{ma-11,
  author = {Ma, Hua-Dong},
  title = {Internet of Things: Objectives and Scientific Challenges},
  journal = {J. Comput. Sci. Technol.},
  issue_date = {November 2011},
  volume = {26},
  number = {6},
  month = nov,
  year = {2011},
  issn = {1000-9000},
  pages = {919--924},
  numpages = {6},
  url = {http://dx.doi.org/10.1007/s11390-011-1189-5},
  doi = {10.1007/s11390-011-1189-5},
  acmid = {2336283},
  publisher = {Institute of Computing Technology},
  address = {Beijing, China},
  keywords = {architecture, data exchange, information integration, internet of things, service delivery},
}

@INPROCEEDINGS{aazam-14,
  author={M. Aazam and P. P. Hung and E. N. Huh},
  booktitle={2014 IEEE Ninth International Conference on Intelligent Sensors, Sensor Networks and Information Processing (ISSNIP)},
  title={Smart gateway based communication for cloud of things},
  year={2014},
  pages={1-6},
  keywords={Internet of Things;cloud computing;internetworking;network servers;Internet;Internet of Things;IoT;cloud computing;smart gateway based communication;ubiquitous computing;Cloud computing;Computer architecture;Logic gates;Protocols;Security;CoT;IoT;cloud computing;smart gateway},
  doi={10.1109/ISSNIP.2014.6827673},
  month={April},}
